<ENVELOPE>
<HEADER>
<VERSION>1</VERSION>
<TALLYREQUEST>Import</TALLYREQUEST>
<TYPE>Data</TYPE>
<ID>Vouchers</ID>
</HEADER>
<BODY>
<DESC>
</DESC>
<DATA>
<TALLYMESSAGE>
<VOUCHER>
<DATE>20231123</DATE>
<NARRATION>XXXXX/ZOMATO/PPPP</NARRATION>
<VOUCHERTYPENAME>Payment</VOUCHERTYPENAME>
<VOUCHERNUMBER>1</VOUCHERNUMBER>
<ALLLEDGERENTRIES.LIST>
<LEDGERNAME>Food Expenses A/c</LEDGERNAME>
<ISDEEMEDPOSITIVE>Yes</ISDEEMEDPOSITIVE>
<AMOUNT>-500.00</AMOUNT>
</ALLLEDGERENTRIES.LIST>
<ALLLEDGERENTRIES.LIST>
<LEDGERNAME>SBI_234</LEDGERNAME>
<ISDEEMEDPOSITIVE>No</ISDEEMEDPOSITIVE>
<AMOUNT>500.00</AMOUNT>
</ALLLEDGERENTRIES.LIST>
</VOUCHER>
<VOUCHER>
<DATE>20230715</DATE>
<NARRATION>ZZZZZ-BCN</NARRATION>
<VOUCHERTYPENAME>Payment</VOUCHERTYPENAME>
<VOUCHERNUMBER>2</VOUCHERNUMBER>
<ALLLEDGERENTRIES.LIST>
<LEDGERNAME>Internet Charges A/c</LEDGERNAME>
<ISDEEMEDPOSITIVE>Yes</ISDEEMEDPOSITIVE>
<AMOUNT>-1500.00</AMOUNT>
</ALLLEDGERENTRIES.LIST>
<ALLLEDGERENTRIES.LIST>
<LEDGERNAME>SBI_234</LEDGERNAME>
<ISDEEMEDPOSITIVE>No</ISDEEMEDPOSITIVE>
<AMOUNT>1500.00</AMOUNT>
</ALLLEDGERENTRIES.LIST>
</VOUCHER>
<VOUCHER>
<DATE>20231010</DATE>
<NARRATION>Cash Deposit</NARRATION>
<VOUCHERTYPENAME>Receipt</VOUCHERTYPENAME>
<VOUCHERNUMBER>3</VOUCHERNUMBER>
<ALLLEDGERENTRIES.LIST>
<LEDGERNAME>Cash A/c</LEDGERNAME>
<ISDEEMEDPOSITIVE>No</ISDEEMEDPOSITIVE>
<AMOUNT>500000.00</AMOUNT>
</ALLLEDGERENTRIES.LIST>
<ALLLEDGERENTRIES.LIST>
<LEDGERNAME>SBI_234</LEDGERNAME>
<ISDEEMEDPOSITIVE>Yes</ISDEEMEDPOSITIVE>
<AMOUNT>-500000.00</AMOUNT>
</ALLLEDGERENTRIES.LIST>
</VOUCHER>
</TALLYMESSAGE>
</DATA>
</BODY>
</ENVELOPE>
